@article{galaxy,
  title={Galaxy: a web-based genome analysis tool for experimentalists},
  author={Blankenberg, Daniel and Kuster, Gregory Von and Coraor, Nathaniel and Ananda, Guruprasad and Lazarus, Ross and Mangan, Mary and Nekrutenko, Anton and Taylor, James},
  journal={Current protocols in molecular biology},
  pages={19--10},
  year={2010},
  publisher={Wiley Online Library}
}

@article{uncicycler,
  title={Unicycler: resolving bacterial genome assemblies from short and long sequencing reads},
  author={Wick, Ryan R and Judd, Louise M and Gorrie, Claire L and Holt, Kathryn E},
  journal={PLOS Computational Biology},
  volume={13},
  number={6},
  pages={e1005595},
  year={2017},
  publisher={Public Library of Science}
}

@article{edwards2013beginner,
  title={Beginnerâ€™s guide to comparative bacterial genome analysis using next-generation sequence data},
  author={Edwards, David J and Holt, Kathryn E},
  journal={Microbial informatics and experimentation},
  volume={3},
  number={1},
  pages={2},
  year={2013},
  publisher={BioMed Central}
}

@article{gageb-benchmark,
  title={GAGE-B: an evaluation of genome assemblers for bacterial organisms},
  author={Magoc, Tanja and Pabinger, Stephan and Canzar, Stefan and Liu, Xinyue and Su, Qi and Puiu, Daniela and Tallon, Luke J and Salzberg, Steven L},
  journal={Bioinformatics},
  volume={29},
  number={14},
  pages={1718--1725},
  year={2013},
  publisher={Oxford University Press}
}

@article{mypro,
  title={MyPro: A seamless pipeline for automated prokaryotic genome assembly and annotation},
  author={Liao, Yu-Chieh and Lin, Hsin-Hung and Sabharwal, Amarpreet and Haase, Elaine M and Scannapieco, Frank A},
  journal={Journal of microbiological methods},
  volume={113},
  pages={72--74},
  year={2015},
  publisher={Elsevier}
}

@article{megannotator,
  title={MEGAnnotator: a user-friendly pipeline for microbial genomes assembly and annotation},
  author={Lugli, Gabriele Andrea and Milani, Christian and Mancabelli, Leonardo and van Sinderen, Douwe and Ventura, Marco},
  journal={FEMS microbiology letters},
  volume={363},
  number={7},
  year={2016},
  publisher={Oxford University Press}
}

@article{spades,
  title={SPAdes: a new genome assembly algorithm and its applications to single-cell sequencing},
  author={Bankevich, Anton and Nurk, Sergey and Antipov, Dmitry and Gurevich, Alexey A and Dvorkin, Mikhail and Kulikov, Alexander S and Lesin, Valery M and Nikolenko, Sergey I and Pham, Son and Prjibelski, Andrey D and others},
  journal={Journal of computational biology},
  volume={19},
  number={5},
  pages={455--477},
  year={2012},
  publisher={Mary Ann Liebert, Inc. 140 Huguenot Street, 3rd Floor New Rochelle, NY 10801 USA}
}

@article{bolger2014trimmomatic,
  title={Trimmomatic: a flexible trimmer for Illumina sequence data},
  author={Bolger, Anthony M and Lohse, Marc and Usadel, Bjoern},
  journal={Bioinformatics},
  volume={30},
  number={15},
  pages={2114--2120},
  year={2014},
  publisher={Oxford University Press}
}

@article{gurevich2013quast,
  title={QUAST: quality assessment tool for genome assemblies},
  author={Gurevich, Alexey and Saveliev, Vladislav and Vyahhi, Nikolay and Tesler, Glenn},
  journal={Bioinformatics},
  volume={29},
  number={8},
  pages={1072--1075},
  year={2013},
  publisher={Oxford University Press}
}

@article{langmead2012fast,
  title={Fast gapped-read alignment with Bowtie 2},
  author={Langmead, Ben and Salzberg, Steven L},
  journal={Nature methods},
  volume={9},
  number={4},
  pages={357--359},
  year={2012},
  publisher={Nature Research}
}

@article{camacho2009blast+,
  title={BLAST+: architecture and applications},
  author={Camacho, Christiam and Coulouris, George and Avagyan, Vahram and Ma, Ning and Papadopoulos, Jason and Bealer, Kevin and Madden, Thomas L},
  journal={BMC bioinformatics},
  volume={10},
  number={1},
  pages={421},
  year={2009},
  publisher={BioMed Central}
}